<?xml version="1.0" encoding="utf-8"?>
<ENVELOPE>
  <HEADER>
    <TALLYREQUEST>Import Data</TALLYREQUEST>
  </HEADER>
  <BODY>
    <IMPORTDATA>
      <REQUESTDESC>
        <REPORTNAME>Vouchers</REPORTNAME>
        <STATICVARIABLES>
          <SVCURRENTCOMPANY>ABC Traders</SVCURRENTCOMPANY>
        </STATICVARIABLES>
      </REQUESTDESC>
      <REQUESTDATA>
        <TALLYMESSAGE>
          <LEDGER NAME="ANUJ TRADERS" ACTION="Create">
            <PARENT>Sundry Creditors</PARENT>
            <PARTYGSTIN>09ABCDE1234F1Z5</PARTYGSTIN>
            <GSTREGISTRATIONTYPE>Regular</GSTREGISTRATIONTYPE>
            <LEDSTATENAME>Uttar Pradesh</LEDSTATENAME>
          </LEDGER>
        </TALLYMESSAGE>
        <TALLYMESSAGE>
          <LEDGER NAME="Sorina TEST 123" ACTION="Create">
            <PARENT>Sundry Creditors</PARENT>
            <PARTYGSTIN>123456711111111</PARTYGSTIN>
            <GSTREGISTRATIONTYPE>Regular</GSTREGISTRATIONTYPE>
            <LEDSTATENAME>Arunachal Pradesh</LEDSTATENAME>
          </LEDGER>
        </TALLYMESSAGE>
        <TALLYMESSAGE>
          <LEDGER NAME="Wear Your Opinion" ACTION="Create">
            <PARENT>Sundry Creditors</PARENT>
            <PARTYGSTIN>27ABCDE1234F1Z5</PARTYGSTIN>
            <GSTREGISTRATIONTYPE>Regular</GSTREGISTRATIONTYPE>
            <LEDSTATENAME>Maharashtra</LEDSTATENAME>
          </LEDGER>
        </TALLYMESSAGE>
        <TALLYMESSAGE>
          <LEDGER NAME="GUJARAT FREIGHT TOOLS" ACTION="Create">
            <PARENT>Sundry Creditors</PARENT>
            <PARTYGSTIN>24HDE7487RE5RT4</PARTYGSTIN>
            <GSTREGISTRATIONTYPE>Regular</GSTREGISTRATIONTYPE>
            <LEDSTATENAME>Gujarat</LEDSTATENAME>
          </LEDGER>
        </TALLYMESSAGE>
        <TALLYMESSAGE>
          <VOUCHER>
            <VOUCHERTYPENAME>Purchase</VOUCHERTYPENAME>
            <DATE>20260111</DATE>
            <VOUCHERNUMBER>79</VOUCHERNUMBER>
            <REFERENCE>79</REFERENCE>
            <NARRATION>Being purchase from ANUJ TRADERS vide bill no. 79</NARRATION>
            <PARTYLEDGERNAME>ANUJ TRADERS</PARTYLEDGERNAME>
            <PARTYGSTIN>09ABCDE1234F1Z5</PARTYGSTIN>
            <PARTYSTATENAME>Uttar Pradesh</PARTYSTATENAME>
            <PLACEOFSUPPLY>Uttar Pradesh</PLACEOFSUPPLY>
            <ISGSTAPPLICABLE>Yes</ISGSTAPPLICABLE>
            <ISGSTOVERRIDDEN>No</ISGSTOVERRIDDEN>
            <GSTNATUREOFTRANSACTION>Purchase Taxable</GSTNATUREOFTRANSACTION>
            <ALLLEDGERENTRIES.LIST>
              <LEDGERNAME>ANUJ TRADERS</LEDGERNAME>
              <ISDEEMEDPOSITIVE>No</ISDEEMEDPOSITIVE>
              <AMOUNT>162599.00</AMOUNT>
            </ALLLEDGERENTRIES.LIST>
            <ALLLEDGERENTRIES.LIST>
              <LEDGERNAME>Purchase A/c</LEDGERNAME>
              <ISDEEMEDPOSITIVE>Yes</ISDEEMEDPOSITIVE>
              <AMOUNT>-137795.00</AMOUNT>
            </ALLLEDGERENTRIES.LIST>
            <ALLLEDGERENTRIES.LIST>
              <LEDGERNAME>IGST Input @ 18%</LEDGERNAME>
              <GSTTYPE>Integrated Tax</GSTTYPE>
              <GSTRATE>18</GSTRATE>
              <ISDEEMEDPOSITIVE>Yes</ISDEEMEDPOSITIVE>
              <AMOUNT>-24804.00</AMOUNT>
            </ALLLEDGERENTRIES.LIST>
            <HSNDETAILS.LIST>
              <HSNCODE>7604</HSNCODE>
              <TAXRATE>18</TAXRATE>
              <TAXABLEVALUE>137795.00</TAXABLEVALUE>
            </HSNDETAILS.LIST>
            <GSTSUMMARY.LIST>
              <TAXABLEAMOUNT>137795.00</TAXABLEAMOUNT>
              <IGSTAMOUNT>24804.00</IGSTAMOUNT>
            </GSTSUMMARY.LIST>
          </VOUCHER>
        </TALLYMESSAGE>
        <TALLYMESSAGE>
          <VOUCHER>
            <VOUCHERTYPENAME>Purchase</VOUCHERTYPENAME>
            <DATE>20260111</DATE>
            <VOUCHERNUMBER>80</VOUCHERNUMBER>
            <REFERENCE>80</REFERENCE>
            <NARRATION>Being purchase from ANUJ TRADERS vide bill no. 80</NARRATION>
            <PARTYLEDGERNAME>ANUJ TRADERS</PARTYLEDGERNAME>
            <PARTYGSTIN>09BGSPS5653N2Z7</PARTYGSTIN>
            <PARTYSTATENAME>Uttar Pradesh</PARTYSTATENAME>
            <PLACEOFSUPPLY>Uttar Pradesh</PLACEOFSUPPLY>
            <ISGSTAPPLICABLE>Yes</ISGSTAPPLICABLE>
            <ISGSTOVERRIDDEN>No</ISGSTOVERRIDDEN>
            <GSTNATUREOFTRANSACTION>Purchase Taxable</GSTNATUREOFTRANSACTION>
            <ALLLEDGERENTRIES.LIST>
              <LEDGERNAME>ANUJ TRADERS</LEDGERNAME>
              <ISDEEMEDPOSITIVE>No</ISDEEMEDPOSITIVE>
              <AMOUNT>49676.00</AMOUNT>
            </ALLLEDGERENTRIES.LIST>
            <ALLLEDGERENTRIES.LIST>
              <LEDGERNAME>Purchase A/c</LEDGERNAME>
              <ISDEEMEDPOSITIVE>Yes</ISDEEMEDPOSITIVE>
              <AMOUNT>-42098.00</AMOUNT>
            </ALLLEDGERENTRIES.LIST>
            <ALLLEDGERENTRIES.LIST>
              <LEDGERNAME>IGST Input @ 18%</LEDGERNAME>
              <GSTTYPE>Integrated Tax</GSTTYPE>
              <GSTRATE>18</GSTRATE>
              <ISDEEMEDPOSITIVE>Yes</ISDEEMEDPOSITIVE>
              <AMOUNT>-7578.00</AMOUNT>
            </ALLLEDGERENTRIES.LIST>
            <HSNDETAILS.LIST>
              <HSNCODE>7604</HSNCODE>
              <TAXRATE>18</TAXRATE>
              <TAXABLEVALUE>42098.00</TAXABLEVALUE>
            </HSNDETAILS.LIST>
            <GSTSUMMARY.LIST>
              <TAXABLEAMOUNT>42098.00</TAXABLEAMOUNT>
              <IGSTAMOUNT>7578.00</IGSTAMOUNT>
            </GSTSUMMARY.LIST>
          </VOUCHER>
        </TALLYMESSAGE>
        <TALLYMESSAGE>
          <VOUCHER>
            <VOUCHERTYPENAME>Purchase</VOUCHERTYPENAME>
            <DATE>20260111</DATE>
            <VOUCHERNUMBER>82</VOUCHERNUMBER>
            <REFERENCE>82</REFERENCE>
            <NARRATION>Being purchase from ANUJ TRADERS vide bill no. 82</NARRATION>
            <PARTYLEDGERNAME>ANUJ TRADERS</PARTYLEDGERNAME>
            <PARTYGSTIN>09BGSPS5653N2Z7</PARTYGSTIN>
            <PARTYSTATENAME>Uttar Pradesh</PARTYSTATENAME>
            <PLACEOFSUPPLY>Uttar Pradesh</PLACEOFSUPPLY>
            <ISGSTAPPLICABLE>Yes</ISGSTAPPLICABLE>
            <ISGSTOVERRIDDEN>No</ISGSTOVERRIDDEN>
            <GSTNATUREOFTRANSACTION>Purchase Taxable</GSTNATUREOFTRANSACTION>
            <ALLLEDGERENTRIES.LIST>
              <LEDGERNAME>ANUJ TRADERS</LEDGERNAME>
              <ISDEEMEDPOSITIVE>No</ISDEEMEDPOSITIVE>
              <AMOUNT>2249888.00</AMOUNT>
            </ALLLEDGERENTRIES.LIST>
            <ALLLEDGERENTRIES.LIST>
              <LEDGERNAME>Purchase A/c</LEDGERNAME>
              <ISDEEMEDPOSITIVE>Yes</ISDEEMEDPOSITIVE>
              <AMOUNT>-2211770.00</AMOUNT>
            </ALLLEDGERENTRIES.LIST>
            <ALLLEDGERENTRIES.LIST>
              <LEDGERNAME>IGST Input @ 0%</LEDGERNAME>
              <GSTTYPE>Integrated Tax</GSTTYPE>
              <GSTRATE>0</GSTRATE>
              <ISDEEMEDPOSITIVE>Yes</ISDEEMEDPOSITIVE>
              <AMOUNT>-38118.00</AMOUNT>
            </ALLLEDGERENTRIES.LIST>
            <HSNDETAILS.LIST>
              <HSNCODE>7604</HSNCODE>
              <TAXRATE>0</TAXRATE>
              <TAXABLEVALUE>2211770.00</TAXABLEVALUE>
            </HSNDETAILS.LIST>
            <GSTSUMMARY.LIST>
              <TAXABLEAMOUNT>2211770.00</TAXABLEAMOUNT>
              <IGSTAMOUNT>38118.00</IGSTAMOUNT>
            </GSTSUMMARY.LIST>
          </VOUCHER>
        </TALLYMESSAGE>
        <TALLYMESSAGE>
          <VOUCHER>
            <VOUCHERTYPENAME>Purchase</VOUCHERTYPENAME>
            <DATE>20260111</DATE>
            <VOUCHERNUMBER>78</VOUCHERNUMBER>
            <REFERENCE>78</REFERENCE>
            <NARRATION>Being purchase from ANUJ TRADERS vide bill no. 78</NARRATION>
            <PARTYLEDGERNAME>ANUJ TRADERS</PARTYLEDGERNAME>
            <PARTYGSTIN>09ABCDE1234F1Z5</PARTYGSTIN>
            <PARTYSTATENAME>Uttar Pradesh</PARTYSTATENAME>
            <PLACEOFSUPPLY>Uttar Pradesh</PLACEOFSUPPLY>
            <ISGSTAPPLICABLE>Yes</ISGSTAPPLICABLE>
            <ISGSTOVERRIDDEN>No</ISGSTOVERRIDDEN>
            <GSTNATUREOFTRANSACTION>Purchase Taxable</GSTNATUREOFTRANSACTION>
            <ALLLEDGERENTRIES.LIST>
              <LEDGERNAME>ANUJ TRADERS</LEDGERNAME>
              <ISDEEMEDPOSITIVE>No</ISDEEMEDPOSITIVE>
              <AMOUNT>88748.00</AMOUNT>
            </ALLLEDGERENTRIES.LIST>
            <ALLLEDGERENTRIES.LIST>
              <LEDGERNAME>Purchase A/c</LEDGERNAME>
              <ISDEEMEDPOSITIVE>Yes</ISDEEMEDPOSITIVE>
              <AMOUNT>-75210.00</AMOUNT>
            </ALLLEDGERENTRIES.LIST>
            <ALLLEDGERENTRIES.LIST>
              <LEDGERNAME>IGST Input @ 18%</LEDGERNAME>
              <GSTTYPE>Integrated Tax</GSTTYPE>
              <GSTRATE>18</GSTRATE>
              <ISDEEMEDPOSITIVE>Yes</ISDEEMEDPOSITIVE>
              <AMOUNT>-13538.00</AMOUNT>
            </ALLLEDGERENTRIES.LIST>
            <HSNDETAILS.LIST>
              <HSNCODE>7604</HSNCODE>
              <TAXRATE>18</TAXRATE>
              <TAXABLEVALUE>75210.00</TAXABLEVALUE>
            </HSNDETAILS.LIST>
            <GSTSUMMARY.LIST>
              <TAXABLEAMOUNT>75210.00</TAXABLEAMOUNT>
              <IGSTAMOUNT>13538.00</IGSTAMOUNT>
            </GSTSUMMARY.LIST>
          </VOUCHER>
        </TALLYMESSAGE>
        <TALLYMESSAGE>
          <VOUCHER>
            <VOUCHERTYPENAME>Purchase</VOUCHERTYPENAME>
            <DATE>20260111</DATE>
            <VOUCHERNUMBER>X33</VOUCHERNUMBER>
            <REFERENCE>X33</REFERENCE>
            <NARRATION>Being purchase from Sorina TEST 123 vide bill no. X33</NARRATION>
            <PARTYLEDGERNAME>Sorina TEST 123</PARTYLEDGERNAME>
            <PARTYGSTIN>123456711111111</PARTYGSTIN>
            <PARTYSTATENAME>Arunachal Pradesh</PARTYSTATENAME>
            <PLACEOFSUPPLY>Arunachal Pradesh</PLACEOFSUPPLY>
            <ISGSTAPPLICABLE>Yes</ISGSTAPPLICABLE>
            <ISGSTOVERRIDDEN>No</ISGSTOVERRIDDEN>
            <GSTNATUREOFTRANSACTION>Purchase Taxable</GSTNATUREOFTRANSACTION>
            <ALLLEDGERENTRIES.LIST>
              <LEDGERNAME>Sorina TEST 123</LEDGERNAME>
              <ISDEEMEDPOSITIVE>No</ISDEEMEDPOSITIVE>
              <AMOUNT>27094.40</AMOUNT>
            </ALLLEDGERENTRIES.LIST>
            <ALLLEDGERENTRIES.LIST>
              <LEDGERNAME>Purchase A/c</LEDGERNAME>
              <ISDEEMEDPOSITIVE>Yes</ISDEEMEDPOSITIVE>
              <AMOUNT>-24934.40</AMOUNT>
            </ALLLEDGERENTRIES.LIST>
            <ALLLEDGERENTRIES.LIST>
              <LEDGERNAME>IGST Input @ 5%</LEDGERNAME>
              <GSTTYPE>Integrated Tax</GSTTYPE>
              <GSTRATE>5</GSTRATE>
              <ISDEEMEDPOSITIVE>Yes</ISDEEMEDPOSITIVE>
              <AMOUNT>-2160.00</AMOUNT>
            </ALLLEDGERENTRIES.LIST>
            <HSNDETAILS.LIST>
              <HSNCODE>345</HSNCODE>
              <TAXRATE>5</TAXRATE>
              <TAXABLEVALUE>24934.40</TAXABLEVALUE>
            </HSNDETAILS.LIST>
            <GSTSUMMARY.LIST>
              <TAXABLEAMOUNT>24934.40</TAXABLEAMOUNT>
              <IGSTAMOUNT>2160.00</IGSTAMOUNT>
            </GSTSUMMARY.LIST>
          </VOUCHER>
        </TALLYMESSAGE>
        <TALLYMESSAGE>
          <VOUCHER>
            <VOUCHERTYPENAME>Purchase</VOUCHERTYPENAME>
            <DATE>20170922</DATE>
            <VOUCHERNUMBER>INV-0867</VOUCHERNUMBER>
            <REFERENCE>INV-0867</REFERENCE>
            <NARRATION>Being purchase from Wear Your Opinion vide bill no. INV-0867</NARRATION>
            <PARTYLEDGERNAME>Wear Your Opinion</PARTYLEDGERNAME>
            <PARTYGSTIN>27ABCDE1234F1Z5</PARTYGSTIN>
            <PARTYSTATENAME>Maharashtra</PARTYSTATENAME>
            <PLACEOFSUPPLY>Maharashtra</PLACEOFSUPPLY>
            <ISGSTAPPLICABLE>Yes</ISGSTAPPLICABLE>
            <ISGSTOVERRIDDEN>No</ISGSTOVERRIDDEN>
            <GSTNATUREOFTRANSACTION>Purchase Taxable</GSTNATUREOFTRANSACTION>
            <ALLLEDGERENTRIES.LIST>
              <LEDGERNAME>Wear Your Opinion</LEDGERNAME>
              <ISDEEMEDPOSITIVE>No</ISDEEMEDPOSITIVE>
              <AMOUNT>7108.00</AMOUNT>
            </ALLLEDGERENTRIES.LIST>
            <ALLLEDGERENTRIES.LIST>
              <LEDGERNAME>Purchase A/c</LEDGERNAME>
              <ISDEEMEDPOSITIVE>Yes</ISDEEMEDPOSITIVE>
              <AMOUNT>-6024.94</AMOUNT>
            </ALLLEDGERENTRIES.LIST>
            <ALLLEDGERENTRIES.LIST>
              <LEDGERNAME>IGST Input @ 18%</LEDGERNAME>
              <GSTTYPE>Integrated Tax</GSTTYPE>
              <GSTRATE>18</GSTRATE>
              <ISDEEMEDPOSITIVE>Yes</ISDEEMEDPOSITIVE>
              <AMOUNT>-1083.06</AMOUNT>
            </ALLLEDGERENTRIES.LIST>
            <HSNDETAILS.LIST>
              <HSNCODE>5756765</HSNCODE>
              <TAXRATE>18</TAXRATE>
              <TAXABLEVALUE>6024.94</TAXABLEVALUE>
            </HSNDETAILS.LIST>
            <GSTSUMMARY.LIST>
              <TAXABLEAMOUNT>6024.94</TAXABLEAMOUNT>
              <IGSTAMOUNT>1083.06</IGSTAMOUNT>
            </GSTSUMMARY.LIST>
          </VOUCHER>
        </TALLYMESSAGE>
        <TALLYMESSAGE>
          <VOUCHER>
            <VOUCHERTYPENAME>Purchase</VOUCHERTYPENAME>
            <DATE>20260111</DATE>
            <VOUCHERNUMBER>77</VOUCHERNUMBER>
            <REFERENCE>77</REFERENCE>
            <NARRATION>Being purchase from ANUJ TRADERS vide bill no. 77</NARRATION>
            <PARTYLEDGERNAME>ANUJ TRADERS</PARTYLEDGERNAME>
            <PARTYGSTIN>09BGSPS5653N2Z7</PARTYGSTIN>
            <PARTYSTATENAME>Uttar Pradesh</PARTYSTATENAME>
            <PLACEOFSUPPLY>Uttar Pradesh</PLACEOFSUPPLY>
            <ISGSTAPPLICABLE>Yes</ISGSTAPPLICABLE>
            <ISGSTOVERRIDDEN>No</ISGSTOVERRIDDEN>
            <GSTNATUREOFTRANSACTION>Purchase Taxable</GSTNATUREOFTRANSACTION>
            <ALLLEDGERENTRIES.LIST>
              <LEDGERNAME>ANUJ TRADERS</LEDGERNAME>
              <ISDEEMEDPOSITIVE>No</ISDEEMEDPOSITIVE>
              <AMOUNT>110820.00</AMOUNT>
            </ALLLEDGERENTRIES.LIST>
            <ALLLEDGERENTRIES.LIST>
              <LEDGERNAME>Purchase A/c</LEDGERNAME>
              <ISDEEMEDPOSITIVE>Yes</ISDEEMEDPOSITIVE>
              <AMOUNT>-93916.00</AMOUNT>
            </ALLLEDGERENTRIES.LIST>
            <ALLLEDGERENTRIES.LIST>
              <LEDGERNAME>IGST Input @ 18%</LEDGERNAME>
              <GSTTYPE>Integrated Tax</GSTTYPE>
              <GSTRATE>18</GSTRATE>
              <ISDEEMEDPOSITIVE>Yes</ISDEEMEDPOSITIVE>
              <AMOUNT>-16904.00</AMOUNT>
            </ALLLEDGERENTRIES.LIST>
            <HSNDETAILS.LIST>
              <HSNCODE>7604</HSNCODE>
              <TAXRATE>18</TAXRATE>
              <TAXABLEVALUE>93916.00</TAXABLEVALUE>
            </HSNDETAILS.LIST>
            <GSTSUMMARY.LIST>
              <TAXABLEAMOUNT>93916.00</TAXABLEAMOUNT>
              <IGSTAMOUNT>16904.00</IGSTAMOUNT>
            </GSTSUMMARY.LIST>
          </VOUCHER>
        </TALLYMESSAGE>
        <TALLYMESSAGE>
          <VOUCHER>
            <VOUCHERTYPENAME>Purchase</VOUCHERTYPENAME>
            <DATE>20260111</DATE>
            <VOUCHERNUMBER>GST 112020</VOUCHERNUMBER>
            <REFERENCE>GST 112020</REFERENCE>
            <NARRATION>Being purchase from GUJARAT FREIGHT TOOLS vide bill no. GST 112020</NARRATION>
            <PARTYLEDGERNAME>GUJARAT FREIGHT TOOLS</PARTYLEDGERNAME>
            <PARTYGSTIN>24HDE7487RE5RT4</PARTYGSTIN>
            <PARTYSTATENAME>Gujarat</PARTYSTATENAME>
            <PLACEOFSUPPLY>Gujarat</PLACEOFSUPPLY>
            <ISGSTAPPLICABLE>Yes</ISGSTAPPLICABLE>
            <ISGSTOVERRIDDEN>No</ISGSTOVERRIDDEN>
            <GSTNATUREOFTRANSACTION>Purchase Taxable</GSTNATUREOFTRANSACTION>
            <ALLLEDGERENTRIES.LIST>
              <LEDGERNAME>GUJARAT FREIGHT TOOLS</LEDGERNAME>
              <ISDEEMEDPOSITIVE>No</ISDEEMEDPOSITIVE>
              <AMOUNT>1258.00</AMOUNT>
            </ALLLEDGERENTRIES.LIST>
            <ALLLEDGERENTRIES.LIST>
              <LEDGERNAME>Purchase A/c</LEDGERNAME>
              <ISDEEMEDPOSITIVE>Yes</ISDEEMEDPOSITIVE>
              <AMOUNT>-1154.00</AMOUNT>
            </ALLLEDGERENTRIES.LIST>
            <ALLLEDGERENTRIES.LIST>
              <LEDGERNAME>IGST Input @ 5%</LEDGERNAME>
              <GSTTYPE>Integrated Tax</GSTTYPE>
              <GSTRATE>5</GSTRATE>
              <ISDEEMEDPOSITIVE>Yes</ISDEEMEDPOSITIVE>
              <AMOUNT>-103.86</AMOUNT>
            </ALLLEDGERENTRIES.LIST>
            <HSNDETAILS.LIST>
              <HSNCODE>8202</HSNCODE>
              <TAXRATE>5</TAXRATE>
              <TAXABLEVALUE>1154.00</TAXABLEVALUE>
            </HSNDETAILS.LIST>
            <GSTSUMMARY.LIST>
              <TAXABLEAMOUNT>1154.00</TAXABLEAMOUNT>
              <IGSTAMOUNT>103.86</IGSTAMOUNT>
            </GSTSUMMARY.LIST>
          </VOUCHER>
        </TALLYMESSAGE>
      </REQUESTDATA>
    </IMPORTDATA>
  </BODY>
</ENVELOPE>
