<?xml version='1.0' encoding='utf8'?>
<ENVELOPE><HEADER><TALLYREQUEST>Import Data</TALLYREQUEST></HEADER><BODY><IMPORTDATA><REQUESTDATA><TALLYMESSAGE><LEDGER NAME="ANUJ TRADERS" ACTION="Create"><PARENT>Sundry Creditors</PARENT></LEDGER></TALLYMESSAGE><TALLYMESSAGE><LEDGER NAME="Reliance Petrol Pump" ACTION="Create"><PARENT>Sundry Creditors</PARENT></LEDGER></TALLYMESSAGE><TALLYMESSAGE><LEDGER NAME="Dell Computers India" ACTION="Create"><PARENT>Sundry Creditors</PARENT></LEDGER></TALLYMESSAGE><TALLYMESSAGE><LEDGER NAME="Amazon Web Services" ACTION="Create"><PARENT>Sundry Creditors</PARENT></LEDGER></TALLYMESSAGE><TALLYMESSAGE><LEDGER NAME="GUJARAT FREIGHT TOOLS" ACTION="Create"><PARENT>Sundry Creditors</PARENT></LEDGER></TALLYMESSAGE><TALLYMESSAGE><LEDGER NAME="Sorina TEST 123" ACTION="Create"><PARENT>Sundry Creditors</PARENT></LEDGER></TALLYMESSAGE><TALLYMESSAGE><LEDGER NAME="Arnav" ACTION="Create"><PARENT>Sundry Creditors</PARENT></LEDGER></TALLYMESSAGE><TALLYMESSAGE><LEDGER NAME="Wear Your Opinion" ACTION="Create"><PARENT>Sundry Creditors</PARENT></LEDGER></TALLYMESSAGE><TALLYMESSAGE><VOUCHER VCHTYPE="Purchase" ACTION="Create"><DATE>20251206</DATE><VOUCHERNUMBER>79</VOUCHERNUMBER><PARTYLEDGERNAME>ANUJ TRADERS</PARTYLEDGERNAME><REFERENCE>79</REFERENCE><NARRATION>Being purchase from ANUJ TRADERS vide bill no. 79</NARRATION><ALLLEDGERENTRIES.LIST><LEDGERNAME>ANUJ TRADERS</LEDGERNAME><ISDEEMEDPOSITIVE>No</ISDEEMEDPOSITIVE><AMOUNT>162599.0</AMOUNT></ALLLEDGERENTRIES.LIST><ALLLEDGERENTRIES.LIST><LEDGERNAME>Purchase A/c</LEDGERNAME><ISDEEMEDPOSITIVE>Yes</ISDEEMEDPOSITIVE><AMOUNT>-137795.0</AMOUNT></ALLLEDGERENTRIES.LIST><ALLLEDGERENTRIES.LIST><LEDGERNAME>CGST Input</LEDGERNAME><ISDEEMEDPOSITIVE>Yes</ISDEEMEDPOSITIVE><AMOUNT>-12402.0</AMOUNT></ALLLEDGERENTRIES.LIST><ALLLEDGERENTRIES.LIST><LEDGERNAME>SGST Input</LEDGERNAME><ISDEEMEDPOSITIVE>Yes</ISDEEMEDPOSITIVE><AMOUNT>-12402.0</AMOUNT></ALLLEDGERENTRIES.LIST></VOUCHER></TALLYMESSAGE><TALLYMESSAGE><VOUCHER VCHTYPE="Purchase" ACTION="Create"><DATE>09122025</DATE><VOUCHERNUMBER>80</VOUCHERNUMBER><PARTYLEDGERNAME>ANUJ TRADERS</PARTYLEDGERNAME><REFERENCE>80</REFERENCE><NARRATION>Being purchase from ANUJ TRADERS vide bill no. 80</NARRATION><ALLLEDGERENTRIES.LIST><LEDGERNAME>ANUJ TRADERS</LEDGERNAME><ISDEEMEDPOSITIVE>No</ISDEEMEDPOSITIVE><AMOUNT>49676.0</AMOUNT></ALLLEDGERENTRIES.LIST><ALLLEDGERENTRIES.LIST><LEDGERNAME>Purchase A/c</LEDGERNAME><ISDEEMEDPOSITIVE>Yes</ISDEEMEDPOSITIVE><AMOUNT>-42098.0</AMOUNT></ALLLEDGERENTRIES.LIST><ALLLEDGERENTRIES.LIST><LEDGERNAME>CGST Input</LEDGERNAME><ISDEEMEDPOSITIVE>Yes</ISDEEMEDPOSITIVE><AMOUNT>-3789.0</AMOUNT></ALLLEDGERENTRIES.LIST><ALLLEDGERENTRIES.LIST><LEDGERNAME>SGST Input</LEDGERNAME><ISDEEMEDPOSITIVE>Yes</ISDEEMEDPOSITIVE><AMOUNT>-3789.0</AMOUNT></ALLLEDGERENTRIES.LIST></VOUCHER></TALLYMESSAGE><TALLYMESSAGE><VOUCHER VCHTYPE="Purchase" ACTION="Create"><DATE>12Dec25</DATE><VOUCHERNUMBER>82</VOUCHERNUMBER><PARTYLEDGERNAME>ANUJ TRADERS</PARTYLEDGERNAME><REFERENCE>82</REFERENCE><NARRATION>Being purchase from ANUJ TRADERS vide bill no. 82</NARRATION><ALLLEDGERENTRIES.LIST><LEDGERNAME>ANUJ TRADERS</LEDGERNAME><ISDEEMEDPOSITIVE>No</ISDEEMEDPOSITIVE><AMOUNT>249888.0</AMOUNT></ALLLEDGERENTRIES.LIST><ALLLEDGERENTRIES.LIST><LEDGERNAME>Purchase A/c</LEDGERNAME><ISDEEMEDPOSITIVE>Yes</ISDEEMEDPOSITIVE><AMOUNT>-211770.0</AMOUNT></ALLLEDGERENTRIES.LIST><ALLLEDGERENTRIES.LIST><LEDGERNAME>CGST Input</LEDGERNAME><ISDEEMEDPOSITIVE>Yes</ISDEEMEDPOSITIVE><AMOUNT>-19059.0</AMOUNT></ALLLEDGERENTRIES.LIST><ALLLEDGERENTRIES.LIST><LEDGERNAME>SGST Input</LEDGERNAME><ISDEEMEDPOSITIVE>Yes</ISDEEMEDPOSITIVE><AMOUNT>-19059.0</AMOUNT></ALLLEDGERENTRIES.LIST></VOUCHER></TALLYMESSAGE><TALLYMESSAGE><VOUCHER VCHTYPE="Purchase" ACTION="Create"><DATE>6Dec25</DATE><VOUCHERNUMBER>78</VOUCHERNUMBER><PARTYLEDGERNAME>ANUJ TRADERS</PARTYLEDGERNAME><REFERENCE>78</REFERENCE><NARRATION>Being purchase from ANUJ TRADERS vide bill no. 78</NARRATION><ALLLEDGERENTRIES.LIST><LEDGERNAME>ANUJ TRADERS</LEDGERNAME><ISDEEMEDPOSITIVE>No</ISDEEMEDPOSITIVE><AMOUNT>88748.0</AMOUNT></ALLLEDGERENTRIES.LIST><ALLLEDGERENTRIES.LIST><LEDGERNAME>Purchase A/c</LEDGERNAME><ISDEEMEDPOSITIVE>Yes</ISDEEMEDPOSITIVE><AMOUNT>-75210.0</AMOUNT></ALLLEDGERENTRIES.LIST><ALLLEDGERENTRIES.LIST><LEDGERNAME>CGST Input</LEDGERNAME><ISDEEMEDPOSITIVE>Yes</ISDEEMEDPOSITIVE><AMOUNT>-6769.0</AMOUNT></ALLLEDGERENTRIES.LIST><ALLLEDGERENTRIES.LIST><LEDGERNAME>SGST Input</LEDGERNAME><ISDEEMEDPOSITIVE>Yes</ISDEEMEDPOSITIVE><AMOUNT>-6769.0</AMOUNT></ALLLEDGERENTRIES.LIST></VOUCHER></TALLYMESSAGE><TALLYMESSAGE><VOUCHER VCHTYPE="Purchase" ACTION="Create"><DATE>20260106</DATE><VOUCHERNUMBER>TEST001</VOUCHERNUMBER><PARTYLEDGERNAME>Reliance Petrol Pump</PARTYLEDGERNAME><REFERENCE>TEST001</REFERENCE><NARRATION>Being purchase from Reliance Petrol Pump vide bill no. TEST001</NARRATION><ALLLEDGERENTRIES.LIST><LEDGERNAME>Reliance Petrol Pump</LEDGERNAME><ISDEEMEDPOSITIVE>No</ISDEEMEDPOSITIVE><AMOUNT>5000.0</AMOUNT></ALLLEDGERENTRIES.LIST><ALLLEDGERENTRIES.LIST><LEDGERNAME>Fuel &amp; Transport</LEDGERNAME><ISDEEMEDPOSITIVE>Yes</ISDEEMEDPOSITIVE><AMOUNT>-5000.0</AMOUNT></ALLLEDGERENTRIES.LIST></VOUCHER></TALLYMESSAGE><TALLYMESSAGE><VOUCHER VCHTYPE="Purchase" ACTION="Create"><DATE>20260106</DATE><VOUCHERNUMBER>TEST002</VOUCHERNUMBER><PARTYLEDGERNAME>Dell Computers India</PARTYLEDGERNAME><REFERENCE>TEST002</REFERENCE><NARRATION>Being purchase from Dell Computers India vide bill no. TEST002</NARRATION><ALLLEDGERENTRIES.LIST><LEDGERNAME>Dell Computers India</LEDGERNAME><ISDEEMEDPOSITIVE>No</ISDEEMEDPOSITIVE><AMOUNT>85000.0</AMOUNT></ALLLEDGERENTRIES.LIST><ALLLEDGERENTRIES.LIST><LEDGERNAME>Computer Equipment</LEDGERNAME><ISDEEMEDPOSITIVE>Yes</ISDEEMEDPOSITIVE><AMOUNT>-85000.0</AMOUNT></ALLLEDGERENTRIES.LIST></VOUCHER></TALLYMESSAGE><TALLYMESSAGE><VOUCHER VCHTYPE="Purchase" ACTION="Create"><DATE>20260106</DATE><VOUCHERNUMBER>AWS-JAN-001</VOUCHERNUMBER><PARTYLEDGERNAME>Amazon Web Services</PARTYLEDGERNAME><REFERENCE>AWS-JAN-001</REFERENCE><NARRATION>Being purchase from Amazon Web Services vide bill no. AWS-JAN-001</NARRATION><ALLLEDGERENTRIES.LIST><LEDGERNAME>Amazon Web Services</LEDGERNAME><ISDEEMEDPOSITIVE>No</ISDEEMEDPOSITIVE><AMOUNT>25000.0</AMOUNT></ALLLEDGERENTRIES.LIST><ALLLEDGERENTRIES.LIST><LEDGERNAME>Sundry Expenses</LEDGERNAME><ISDEEMEDPOSITIVE>Yes</ISDEEMEDPOSITIVE><AMOUNT>-25000.0</AMOUNT></ALLLEDGERENTRIES.LIST></VOUCHER></TALLYMESSAGE><TALLYMESSAGE><VOUCHER VCHTYPE="Purchase" ACTION="Create"><DATE>03122025</DATE><VOUCHERNUMBER>77</VOUCHERNUMBER><PARTYLEDGERNAME>ANUJ TRADERS</PARTYLEDGERNAME><REFERENCE>77</REFERENCE><NARRATION>Being purchase from ANUJ TRADERS vide bill no. 77</NARRATION><ALLLEDGERENTRIES.LIST><LEDGERNAME>ANUJ TRADERS</LEDGERNAME><ISDEEMEDPOSITIVE>No</ISDEEMEDPOSITIVE><AMOUNT>110820.0</AMOUNT></ALLLEDGERENTRIES.LIST><ALLLEDGERENTRIES.LIST><LEDGERNAME>Purchase A/c</LEDGERNAME><ISDEEMEDPOSITIVE>Yes</ISDEEMEDPOSITIVE><AMOUNT>-93916.0</AMOUNT></ALLLEDGERENTRIES.LIST><ALLLEDGERENTRIES.LIST><LEDGERNAME>CGST Input</LEDGERNAME><ISDEEMEDPOSITIVE>Yes</ISDEEMEDPOSITIVE><AMOUNT>-8452.0</AMOUNT></ALLLEDGERENTRIES.LIST><ALLLEDGERENTRIES.LIST><LEDGERNAME>SGST Input</LEDGERNAME><ISDEEMEDPOSITIVE>Yes</ISDEEMEDPOSITIVE><AMOUNT>-8452.0</AMOUNT></ALLLEDGERENTRIES.LIST></VOUCHER></TALLYMESSAGE><TALLYMESSAGE><VOUCHER VCHTYPE="Purchase" ACTION="Create"><DATE>04Mar2020</DATE><VOUCHERNUMBER>GST112020</VOUCHERNUMBER><PARTYLEDGERNAME>GUJARAT FREIGHT TOOLS</PARTYLEDGERNAME><REFERENCE>GST112020</REFERENCE><NARRATION>Being purchase from GUJARAT FREIGHT TOOLS vide bill no. GST112020</NARRATION><ALLLEDGERENTRIES.LIST><LEDGERNAME>GUJARAT FREIGHT TOOLS</LEDGERNAME><ISDEEMEDPOSITIVE>No</ISDEEMEDPOSITIVE><AMOUNT>1258.0</AMOUNT></ALLLEDGERENTRIES.LIST><ALLLEDGERENTRIES.LIST><LEDGERNAME>Unknown</LEDGERNAME><ISDEEMEDPOSITIVE>Yes</ISDEEMEDPOSITIVE><AMOUNT>-1000.0</AMOUNT></ALLLEDGERENTRIES.LIST><ALLLEDGERENTRIES.LIST><LEDGERNAME>IGST Input</LEDGERNAME><ISDEEMEDPOSITIVE>Yes</ISDEEMEDPOSITIVE><AMOUNT>-258.0</AMOUNT></ALLLEDGERENTRIES.LIST></VOUCHER></TALLYMESSAGE><TALLYMESSAGE><VOUCHER VCHTYPE="Purchase" ACTION="Create"><DATE>3Dec25</DATE><VOUCHERNUMBER>77</VOUCHERNUMBER><PARTYLEDGERNAME>ANUJ TRADERS</PARTYLEDGERNAME><REFERENCE>77</REFERENCE><NARRATION>Being purchase from ANUJ TRADERS vide bill no. 77</NARRATION><ALLLEDGERENTRIES.LIST><LEDGERNAME>ANUJ TRADERS</LEDGERNAME><ISDEEMEDPOSITIVE>No</ISDEEMEDPOSITIVE><AMOUNT>110820.0</AMOUNT></ALLLEDGERENTRIES.LIST><ALLLEDGERENTRIES.LIST><LEDGERNAME>Purchase A/c</LEDGERNAME><ISDEEMEDPOSITIVE>Yes</ISDEEMEDPOSITIVE><AMOUNT>-93916.0</AMOUNT></ALLLEDGERENTRIES.LIST><ALLLEDGERENTRIES.LIST><LEDGERNAME>CGST Input</LEDGERNAME><ISDEEMEDPOSITIVE>Yes</ISDEEMEDPOSITIVE><AMOUNT>-8452.0</AMOUNT></ALLLEDGERENTRIES.LIST><ALLLEDGERENTRIES.LIST><LEDGERNAME>SGST Input</LEDGERNAME><ISDEEMEDPOSITIVE>Yes</ISDEEMEDPOSITIVE><AMOUNT>-8452.0</AMOUNT></ALLLEDGERENTRIES.LIST></VOUCHER></TALLYMESSAGE><TALLYMESSAGE><VOUCHER VCHTYPE="Purchase" ACTION="Create"><DATE>3Dec25</DATE><VOUCHERNUMBER>77</VOUCHERNUMBER><PARTYLEDGERNAME>ANUJ TRADERS</PARTYLEDGERNAME><REFERENCE>77</REFERENCE><NARRATION>Being purchase from ANUJ TRADERS vide bill no. 77</NARRATION><ALLLEDGERENTRIES.LIST><LEDGERNAME>ANUJ TRADERS</LEDGERNAME><ISDEEMEDPOSITIVE>No</ISDEEMEDPOSITIVE><AMOUNT>110820.0</AMOUNT></ALLLEDGERENTRIES.LIST><ALLLEDGERENTRIES.LIST><LEDGERNAME>Purchase A/c</LEDGERNAME><ISDEEMEDPOSITIVE>Yes</ISDEEMEDPOSITIVE><AMOUNT>-93916.0</AMOUNT></ALLLEDGERENTRIES.LIST><ALLLEDGERENTRIES.LIST><LEDGERNAME>CGST Input</LEDGERNAME><ISDEEMEDPOSITIVE>Yes</ISDEEMEDPOSITIVE><AMOUNT>-8452.0</AMOUNT></ALLLEDGERENTRIES.LIST><ALLLEDGERENTRIES.LIST><LEDGERNAME>SGST Input</LEDGERNAME><ISDEEMEDPOSITIVE>Yes</ISDEEMEDPOSITIVE><AMOUNT>-8452.0</AMOUNT></ALLLEDGERENTRIES.LIST></VOUCHER></TALLYMESSAGE><TALLYMESSAGE><VOUCHER VCHTYPE="Purchase" ACTION="Create"><DATE>February 21, 2018</DATE><VOUCHERNUMBER>X33</VOUCHERNUMBER><PARTYLEDGERNAME>Sorina TEST 123</PARTYLEDGERNAME><REFERENCE>X33</REFERENCE><NARRATION>Being purchase from Sorina TEST 123 vide bill no. X33</NARRATION><ALLLEDGERENTRIES.LIST><LEDGERNAME>Sorina TEST 123</LEDGERNAME><ISDEEMEDPOSITIVE>No</ISDEEMEDPOSITIVE><AMOUNT>27425.0</AMOUNT></ALLLEDGERENTRIES.LIST><ALLLEDGERENTRIES.LIST><LEDGERNAME>Unknown</LEDGERNAME><ISDEEMEDPOSITIVE>Yes</ISDEEMEDPOSITIVE><AMOUNT>-27425.0</AMOUNT></ALLLEDGERENTRIES.LIST></VOUCHER></TALLYMESSAGE><TALLYMESSAGE><VOUCHER VCHTYPE="Purchase" ACTION="Create"><DATE>6Dec25</DATE><VOUCHERNUMBER>78</VOUCHERNUMBER><PARTYLEDGERNAME>ANUJ TRADERS</PARTYLEDGERNAME><REFERENCE>78</REFERENCE><NARRATION>Being purchase from ANUJ TRADERS vide bill no. 78</NARRATION><ALLLEDGERENTRIES.LIST><LEDGERNAME>ANUJ TRADERS</LEDGERNAME><ISDEEMEDPOSITIVE>No</ISDEEMEDPOSITIVE><AMOUNT>88748.0</AMOUNT></ALLLEDGERENTRIES.LIST><ALLLEDGERENTRIES.LIST><LEDGERNAME>Purchase A/c</LEDGERNAME><ISDEEMEDPOSITIVE>Yes</ISDEEMEDPOSITIVE><AMOUNT>-75210.0</AMOUNT></ALLLEDGERENTRIES.LIST><ALLLEDGERENTRIES.LIST><LEDGERNAME>CGST Input</LEDGERNAME><ISDEEMEDPOSITIVE>Yes</ISDEEMEDPOSITIVE><AMOUNT>-6769.0</AMOUNT></ALLLEDGERENTRIES.LIST><ALLLEDGERENTRIES.LIST><LEDGERNAME>SGST Input</LEDGERNAME><ISDEEMEDPOSITIVE>Yes</ISDEEMEDPOSITIVE><AMOUNT>-6769.0</AMOUNT></ALLLEDGERENTRIES.LIST></VOUCHER></TALLYMESSAGE><TALLYMESSAGE><VOUCHER VCHTYPE="Purchase" ACTION="Create"><DATE>20250223</DATE><VOUCHERNUMBER>887</VOUCHERNUMBER><PARTYLEDGERNAME>Arnav</PARTYLEDGERNAME><REFERENCE>887</REFERENCE><NARRATION>Being purchase from Arnav vide bill no. 887</NARRATION><ALLLEDGERENTRIES.LIST><LEDGERNAME>Arnav</LEDGERNAME><ISDEEMEDPOSITIVE>No</ISDEEMEDPOSITIVE><AMOUNT>25000.0</AMOUNT></ALLLEDGERENTRIES.LIST><ALLLEDGERENTRIES.LIST><LEDGERNAME>Sundry Expenses</LEDGERNAME><ISDEEMEDPOSITIVE>Yes</ISDEEMEDPOSITIVE><AMOUNT>-21186.44</AMOUNT></ALLLEDGERENTRIES.LIST><ALLLEDGERENTRIES.LIST><LEDGERNAME>CGST Input</LEDGERNAME><ISDEEMEDPOSITIVE>Yes</ISDEEMEDPOSITIVE><AMOUNT>-1906.78</AMOUNT></ALLLEDGERENTRIES.LIST><ALLLEDGERENTRIES.LIST><LEDGERNAME>SGST Input</LEDGERNAME><ISDEEMEDPOSITIVE>Yes</ISDEEMEDPOSITIVE><AMOUNT>-1906.78</AMOUNT></ALLLEDGERENTRIES.LIST></VOUCHER></TALLYMESSAGE><TALLYMESSAGE><VOUCHER VCHTYPE="Purchase" ACTION="Create"><DATE>09/22/2017</DATE><VOUCHERNUMBER>INV-0867</VOUCHERNUMBER><PARTYLEDGERNAME>Wear Your Opinion</PARTYLEDGERNAME><REFERENCE>INV-0867</REFERENCE><NARRATION>Being purchase from Wear Your Opinion vide bill no. INV-0867</NARRATION><ALLLEDGERENTRIES.LIST><LEDGERNAME>Wear Your Opinion</LEDGERNAME><ISDEEMEDPOSITIVE>No</ISDEEMEDPOSITIVE><AMOUNT>7400.0</AMOUNT></ALLLEDGERENTRIES.LIST><ALLLEDGERENTRIES.LIST><LEDGERNAME>Purchase A/c</LEDGERNAME><ISDEEMEDPOSITIVE>Yes</ISDEEMEDPOSITIVE><AMOUNT>-6316.9400000000005</AMOUNT></ALLLEDGERENTRIES.LIST><ALLLEDGERENTRIES.LIST><LEDGERNAME>CGST Input</LEDGERNAME><ISDEEMEDPOSITIVE>Yes</ISDEEMEDPOSITIVE><AMOUNT>-541.53</AMOUNT></ALLLEDGERENTRIES.LIST><ALLLEDGERENTRIES.LIST><LEDGERNAME>SGST Input</LEDGERNAME><ISDEEMEDPOSITIVE>Yes</ISDEEMEDPOSITIVE><AMOUNT>-541.53</AMOUNT></ALLLEDGERENTRIES.LIST></VOUCHER></TALLYMESSAGE><TALLYMESSAGE><VOUCHER VCHTYPE="Purchase" ACTION="Create"><DATE>20170922</DATE><VOUCHERNUMBER>INV-0867</VOUCHERNUMBER><PARTYLEDGERNAME>Wear Your Opinion</PARTYLEDGERNAME><REFERENCE>INV-0867</REFERENCE><NARRATION>Being purchase from Wear Your Opinion vide bill no. INV-0867</NARRATION><ALLLEDGERENTRIES.LIST><LEDGERNAME>Wear Your Opinion</LEDGERNAME><ISDEEMEDPOSITIVE>No</ISDEEMEDPOSITIVE><AMOUNT>7400.0</AMOUNT></ALLLEDGERENTRIES.LIST><ALLLEDGERENTRIES.LIST><LEDGERNAME>Purchase A/c</LEDGERNAME><ISDEEMEDPOSITIVE>Yes</ISDEEMEDPOSITIVE><AMOUNT>-6316.9400000000005</AMOUNT></ALLLEDGERENTRIES.LIST><ALLLEDGERENTRIES.LIST><LEDGERNAME>CGST Input</LEDGERNAME><ISDEEMEDPOSITIVE>Yes</ISDEEMEDPOSITIVE><AMOUNT>-541.53</AMOUNT></ALLLEDGERENTRIES.LIST><ALLLEDGERENTRIES.LIST><LEDGERNAME>SGST Input</LEDGERNAME><ISDEEMEDPOSITIVE>Yes</ISDEEMEDPOSITIVE><AMOUNT>-541.53</AMOUNT></ALLLEDGERENTRIES.LIST></VOUCHER></TALLYMESSAGE></REQUESTDATA></IMPORTDATA></BODY></ENVELOPE>