<?xml version='1.0' encoding='utf8'?>
<ENVELOPE><HEADER><TALLYREQUEST>Import Data</TALLYREQUEST></HEADER><BODY><IMPORTDATA><REQUESTDATA><TALLYMESSAGE><LEDGER NAME="ANUJ TRADERS" ACTION="Create"><PARENT>Sundry Creditors</PARENT><PARTYGSTIN>09ABCDE1234F1Z5</PARTYGSTIN><GSTREGISTRATIONTYPE>Regular</GSTREGISTRATIONTYPE><LEDSTATENAME>Uttar Pradesh</LEDSTATENAME></LEDGER></TALLYMESSAGE><TALLYMESSAGE><LEDGER NAME="Sorina TEST 123" ACTION="Create"><PARENT>Sundry Creditors</PARENT><PARTYGSTIN>123456711111111</PARTYGSTIN><GSTREGISTRATIONTYPE>Regular</GSTREGISTRATIONTYPE><LEDSTATENAME>Arunachal Pradesh</LEDSTATENAME></LEDGER></TALLYMESSAGE><TALLYMESSAGE><LEDGER NAME="Wear Your Opinion" ACTION="Create"><PARENT>Sundry Creditors</PARENT><PARTYGSTIN>27ABCDE1234F1Z5</PARTYGSTIN><GSTREGISTRATIONTYPE>Regular</GSTREGISTRATIONTYPE><LEDSTATENAME>Maharashtra</LEDSTATENAME></LEDGER></TALLYMESSAGE><TALLYMESSAGE><LEDGER NAME="GUJARAT FREIGHT TOOLS" ACTION="Create"><PARENT>Sundry Creditors</PARENT><PARTYGSTIN>24HDE7487RE5RT4</PARTYGSTIN><GSTREGISTRATIONTYPE>Regular</GSTREGISTRATIONTYPE><LEDSTATENAME>Gujarat</LEDSTATENAME></LEDGER></TALLYMESSAGE><TALLYMESSAGE><VOUCHER VCHTYPE="Purchase" ACTION="Create"><DATE>6Dec25</DATE><VOUCHERNUMBER>79</VOUCHERNUMBER><PARTYLEDGERNAME>ANUJ TRADERS</PARTYLEDGERNAME><REFERENCE>79</REFERENCE><NARRATION>Being purchase from ANUJ TRADERS vide bill no. 79</NARRATION><ALLLEDGERENTRIES.LIST><LEDGERNAME>ANUJ TRADERS</LEDGERNAME><ISDEEMEDPOSITIVE>No</ISDEEMEDPOSITIVE><AMOUNT>162599.0</AMOUNT></ALLLEDGERENTRIES.LIST><ALLLEDGERENTRIES.LIST><LEDGERNAME>Purchase A/c</LEDGERNAME><ISDEEMEDPOSITIVE>Yes</ISDEEMEDPOSITIVE><AMOUNT>-137795.0</AMOUNT></ALLLEDGERENTRIES.LIST><ALLLEDGERENTRIES.LIST><LEDGERNAME>CGST Input</LEDGERNAME><ISDEEMEDPOSITIVE>Yes</ISDEEMEDPOSITIVE><AMOUNT>-12402.0</AMOUNT></ALLLEDGERENTRIES.LIST><ALLLEDGERENTRIES.LIST><LEDGERNAME>SGST Input</LEDGERNAME><ISDEEMEDPOSITIVE>Yes</ISDEEMEDPOSITIVE><AMOUNT>-12402.0</AMOUNT></ALLLEDGERENTRIES.LIST></VOUCHER></TALLYMESSAGE><TALLYMESSAGE><VOUCHER VCHTYPE="Purchase" ACTION="Create"><DATE>9Dec25</DATE><VOUCHERNUMBER>80</VOUCHERNUMBER><PARTYLEDGERNAME>ANUJ TRADERS</PARTYLEDGERNAME><REFERENCE>80</REFERENCE><NARRATION>Being purchase from ANUJ TRADERS vide bill no. 80</NARRATION><ALLLEDGERENTRIES.LIST><LEDGERNAME>ANUJ TRADERS</LEDGERNAME><ISDEEMEDPOSITIVE>No</ISDEEMEDPOSITIVE><AMOUNT>49676.0</AMOUNT></ALLLEDGERENTRIES.LIST><ALLLEDGERENTRIES.LIST><LEDGERNAME>Purchase A/c</LEDGERNAME><ISDEEMEDPOSITIVE>Yes</ISDEEMEDPOSITIVE><AMOUNT>-42098.0</AMOUNT></ALLLEDGERENTRIES.LIST><ALLLEDGERENTRIES.LIST><LEDGERNAME>CGST Input</LEDGERNAME><ISDEEMEDPOSITIVE>Yes</ISDEEMEDPOSITIVE><AMOUNT>-3789.0</AMOUNT></ALLLEDGERENTRIES.LIST><ALLLEDGERENTRIES.LIST><LEDGERNAME>SGST Input</LEDGERNAME><ISDEEMEDPOSITIVE>Yes</ISDEEMEDPOSITIVE><AMOUNT>-3789.0</AMOUNT></ALLLEDGERENTRIES.LIST></VOUCHER></TALLYMESSAGE><TALLYMESSAGE><VOUCHER VCHTYPE="Purchase" ACTION="Create"><DATE>12Dec25</DATE><VOUCHERNUMBER>82</VOUCHERNUMBER><PARTYLEDGERNAME>ANUJ TRADERS</PARTYLEDGERNAME><REFERENCE>82</REFERENCE><NARRATION>Being purchase from ANUJ TRADERS vide bill no. 82</NARRATION><ALLLEDGERENTRIES.LIST><LEDGERNAME>ANUJ TRADERS</LEDGERNAME><ISDEEMEDPOSITIVE>No</ISDEEMEDPOSITIVE><AMOUNT>2249888.0</AMOUNT></ALLLEDGERENTRIES.LIST><ALLLEDGERENTRIES.LIST><LEDGERNAME>Purchase A/c</LEDGERNAME><ISDEEMEDPOSITIVE>Yes</ISDEEMEDPOSITIVE><AMOUNT>-2211770.0</AMOUNT></ALLLEDGERENTRIES.LIST><ALLLEDGERENTRIES.LIST><LEDGERNAME>CGST Input</LEDGERNAME><ISDEEMEDPOSITIVE>Yes</ISDEEMEDPOSITIVE><AMOUNT>-19059.0</AMOUNT></ALLLEDGERENTRIES.LIST><ALLLEDGERENTRIES.LIST><LEDGERNAME>SGST Input</LEDGERNAME><ISDEEMEDPOSITIVE>Yes</ISDEEMEDPOSITIVE><AMOUNT>-19059.0</AMOUNT></ALLLEDGERENTRIES.LIST></VOUCHER></TALLYMESSAGE><TALLYMESSAGE><VOUCHER VCHTYPE="Purchase" ACTION="Create"><DATE>6Dec25</DATE><VOUCHERNUMBER>78</VOUCHERNUMBER><PARTYLEDGERNAME>ANUJ TRADERS</PARTYLEDGERNAME><REFERENCE>78</REFERENCE><NARRATION>Being purchase from ANUJ TRADERS vide bill no. 78</NARRATION><ALLLEDGERENTRIES.LIST><LEDGERNAME>ANUJ TRADERS</LEDGERNAME><ISDEEMEDPOSITIVE>No</ISDEEMEDPOSITIVE><AMOUNT>88748.0</AMOUNT></ALLLEDGERENTRIES.LIST><ALLLEDGERENTRIES.LIST><LEDGERNAME>Purchase A/c</LEDGERNAME><ISDEEMEDPOSITIVE>Yes</ISDEEMEDPOSITIVE><AMOUNT>-75210.0</AMOUNT></ALLLEDGERENTRIES.LIST><ALLLEDGERENTRIES.LIST><LEDGERNAME>CGST Input</LEDGERNAME><ISDEEMEDPOSITIVE>Yes</ISDEEMEDPOSITIVE><AMOUNT>-6769.0</AMOUNT></ALLLEDGERENTRIES.LIST><ALLLEDGERENTRIES.LIST><LEDGERNAME>SGST Input</LEDGERNAME><ISDEEMEDPOSITIVE>Yes</ISDEEMEDPOSITIVE><AMOUNT>-6769.0</AMOUNT></ALLLEDGERENTRIES.LIST></VOUCHER></TALLYMESSAGE><TALLYMESSAGE><VOUCHER VCHTYPE="Purchase" ACTION="Create"><DATE>February 21, 2018</DATE><VOUCHERNUMBER>X33</VOUCHERNUMBER><PARTYLEDGERNAME>Sorina TEST 123</PARTYLEDGERNAME><REFERENCE>X33</REFERENCE><NARRATION>Being purchase from Sorina TEST 123 vide bill no. X33</NARRATION><ALLLEDGERENTRIES.LIST><LEDGERNAME>Sorina TEST 123</LEDGERNAME><ISDEEMEDPOSITIVE>No</ISDEEMEDPOSITIVE><AMOUNT>27094.4</AMOUNT></ALLLEDGERENTRIES.LIST><ALLLEDGERENTRIES.LIST><LEDGERNAME>Purchase A/c</LEDGERNAME><ISDEEMEDPOSITIVE>Yes</ISDEEMEDPOSITIVE><AMOUNT>-24934.4</AMOUNT></ALLLEDGERENTRIES.LIST><ALLLEDGERENTRIES.LIST><LEDGERNAME>CGST Input</LEDGERNAME><ISDEEMEDPOSITIVE>Yes</ISDEEMEDPOSITIVE><AMOUNT>-1080.0</AMOUNT></ALLLEDGERENTRIES.LIST><ALLLEDGERENTRIES.LIST><LEDGERNAME>SGST Input</LEDGERNAME><ISDEEMEDPOSITIVE>Yes</ISDEEMEDPOSITIVE><AMOUNT>-1080.0</AMOUNT></ALLLEDGERENTRIES.LIST></VOUCHER></TALLYMESSAGE><TALLYMESSAGE><VOUCHER VCHTYPE="Purchase" ACTION="Create"><DATE>20170922</DATE><VOUCHERNUMBER>INV-0867</VOUCHERNUMBER><PARTYLEDGERNAME>Wear Your Opinion</PARTYLEDGERNAME><REFERENCE>INV-0867</REFERENCE><NARRATION>Being purchase from Wear Your Opinion vide bill no. INV-0867</NARRATION><ALLLEDGERENTRIES.LIST><LEDGERNAME>Wear Your Opinion</LEDGERNAME><ISDEEMEDPOSITIVE>No</ISDEEMEDPOSITIVE><AMOUNT>7108.0</AMOUNT></ALLLEDGERENTRIES.LIST><ALLLEDGERENTRIES.LIST><LEDGERNAME>Purchase A/c</LEDGERNAME><ISDEEMEDPOSITIVE>Yes</ISDEEMEDPOSITIVE><AMOUNT>-6024.9400000000005</AMOUNT></ALLLEDGERENTRIES.LIST><ALLLEDGERENTRIES.LIST><LEDGERNAME>CGST Input</LEDGERNAME><ISDEEMEDPOSITIVE>Yes</ISDEEMEDPOSITIVE><AMOUNT>-541.53</AMOUNT></ALLLEDGERENTRIES.LIST><ALLLEDGERENTRIES.LIST><LEDGERNAME>SGST Input</LEDGERNAME><ISDEEMEDPOSITIVE>Yes</ISDEEMEDPOSITIVE><AMOUNT>-541.53</AMOUNT></ALLLEDGERENTRIES.LIST></VOUCHER></TALLYMESSAGE><TALLYMESSAGE><VOUCHER VCHTYPE="Purchase" ACTION="Create"><DATE>3Dec25</DATE><VOUCHERNUMBER>77</VOUCHERNUMBER><PARTYLEDGERNAME>ANUJ TRADERS</PARTYLEDGERNAME><REFERENCE>77</REFERENCE><NARRATION>Being purchase from ANUJ TRADERS vide bill no. 77</NARRATION><ALLLEDGERENTRIES.LIST><LEDGERNAME>ANUJ TRADERS</LEDGERNAME><ISDEEMEDPOSITIVE>No</ISDEEMEDPOSITIVE><AMOUNT>110820.0</AMOUNT></ALLLEDGERENTRIES.LIST><ALLLEDGERENTRIES.LIST><LEDGERNAME>Purchase A/c</LEDGERNAME><ISDEEMEDPOSITIVE>Yes</ISDEEMEDPOSITIVE><AMOUNT>-93916.0</AMOUNT></ALLLEDGERENTRIES.LIST><ALLLEDGERENTRIES.LIST><LEDGERNAME>CGST Input</LEDGERNAME><ISDEEMEDPOSITIVE>Yes</ISDEEMEDPOSITIVE><AMOUNT>-8452.0</AMOUNT></ALLLEDGERENTRIES.LIST><ALLLEDGERENTRIES.LIST><LEDGERNAME>SGST Input</LEDGERNAME><ISDEEMEDPOSITIVE>Yes</ISDEEMEDPOSITIVE><AMOUNT>-8452.0</AMOUNT></ALLLEDGERENTRIES.LIST></VOUCHER></TALLYMESSAGE><TALLYMESSAGE><VOUCHER VCHTYPE="Purchase" ACTION="Create"><DATE>04Mar2020</DATE><VOUCHERNUMBER>GST 112020</VOUCHERNUMBER><PARTYLEDGERNAME>GUJARAT FREIGHT TOOLS</PARTYLEDGERNAME><REFERENCE>GST 112020</REFERENCE><NARRATION>Being purchase from GUJARAT FREIGHT TOOLS vide bill no. GST 112020</NARRATION><ALLLEDGERENTRIES.LIST><LEDGERNAME>GUJARAT FREIGHT TOOLS</LEDGERNAME><ISDEEMEDPOSITIVE>No</ISDEEMEDPOSITIVE><AMOUNT>1258.0</AMOUNT></ALLLEDGERENTRIES.LIST><ALLLEDGERENTRIES.LIST><LEDGERNAME>Purchase A/c</LEDGERNAME><ISDEEMEDPOSITIVE>Yes</ISDEEMEDPOSITIVE><AMOUNT>-1154.0</AMOUNT></ALLLEDGERENTRIES.LIST><ALLLEDGERENTRIES.LIST><LEDGERNAME>CGST Input</LEDGERNAME><ISDEEMEDPOSITIVE>Yes</ISDEEMEDPOSITIVE><AMOUNT>-52.74</AMOUNT></ALLLEDGERENTRIES.LIST><ALLLEDGERENTRIES.LIST><LEDGERNAME>SGST Input</LEDGERNAME><ISDEEMEDPOSITIVE>Yes</ISDEEMEDPOSITIVE><AMOUNT>-51.12</AMOUNT></ALLLEDGERENTRIES.LIST></VOUCHER></TALLYMESSAGE></REQUESTDATA></IMPORTDATA></BODY></ENVELOPE>