<?xml version='1.0' encoding='utf8'?>
<ENVELOPE><HEADER><TALLYREQUEST>Import Data</TALLYREQUEST></HEADER><BODY><IMPORTDATA><REQUESTDATA><TALLYMESSAGE><VOUCHER VCHTYPE="Purchase" ACTION="Create"><DATE>2025-12-06</DATE><VOUCHERNUMBER>79</VOUCHERNUMBER><PARTYLEDGERNAME>ANUJ TRADERS</PARTYLEDGERNAME><ALLLEDGERENTRIES.LIST><LEDGERNAME>ANUJ TRADERS</LEDGERNAME><ISDEEMEDPOSITIVE>No</ISDEEMEDPOSITIVE><AMOUNT>162599.0</AMOUNT></ALLLEDGERENTRIES.LIST><ALLLEDGERENTRIES.LIST><LEDGERNAME>Purchase A/c</LEDGERNAME><ISDEEMEDPOSITIVE>Yes</ISDEEMEDPOSITIVE><AMOUNT>137795.0</AMOUNT></ALLLEDGERENTRIES.LIST></VOUCHER></TALLYMESSAGE><TALLYMESSAGE><VOUCHER VCHTYPE="Purchase" ACTION="Create"><DATE>09-12-2025</DATE><VOUCHERNUMBER>80</VOUCHERNUMBER><PARTYLEDGERNAME>ANUJ TRADERS</PARTYLEDGERNAME><ALLLEDGERENTRIES.LIST><LEDGERNAME>ANUJ TRADERS</LEDGERNAME><ISDEEMEDPOSITIVE>No</ISDEEMEDPOSITIVE><AMOUNT>49676.0</AMOUNT></ALLLEDGERENTRIES.LIST><ALLLEDGERENTRIES.LIST><LEDGERNAME>Purchase A/c</LEDGERNAME><ISDEEMEDPOSITIVE>Yes</ISDEEMEDPOSITIVE><AMOUNT>42098.0</AMOUNT></ALLLEDGERENTRIES.LIST></VOUCHER></TALLYMESSAGE><TALLYMESSAGE><VOUCHER VCHTYPE="Purchase" ACTION="Create"><DATE>12-Dec-25</DATE><VOUCHERNUMBER>82</VOUCHERNUMBER><PARTYLEDGERNAME>ANUJ TRADERS</PARTYLEDGERNAME><ALLLEDGERENTRIES.LIST><LEDGERNAME>ANUJ TRADERS</LEDGERNAME><ISDEEMEDPOSITIVE>No</ISDEEMEDPOSITIVE><AMOUNT>249888.0</AMOUNT></ALLLEDGERENTRIES.LIST><ALLLEDGERENTRIES.LIST><LEDGERNAME>Purchase A/c</LEDGERNAME><ISDEEMEDPOSITIVE>Yes</ISDEEMEDPOSITIVE><AMOUNT>211770.0</AMOUNT></ALLLEDGERENTRIES.LIST></VOUCHER></TALLYMESSAGE></REQUESTDATA></IMPORTDATA></BODY></ENVELOPE>