<?xml version='1.0' encoding='utf8'?>
<ENVELOPE><HEADER><TALLYREQUEST>Import Data</TALLYREQUEST></HEADER><BODY><IMPORTDATA><REQUESTDATA><TALLYMESSAGE><VOUCHER VCHTYPE="Purchase" ACTION="Create"><DATE>2025-12-06</DATE><VOUCHERNUMBER>79</VOUCHERNUMBER><PARTYLEDGERNAME>ANUJ TRADERS</PARTYLEDGERNAME><ALLLEDGERENTRIES.LIST><LEDGERNAME>ANUJ TRADERS</LEDGERNAME><ISDEEMEDPOSITIVE>No</ISDEEMEDPOSITIVE><AMOUNT>162599.0</AMOUNT></ALLLEDGERENTRIES.LIST><ALLLEDGERENTRIES.LIST><LEDGERNAME>Purchase A/c</LEDGERNAME><ISDEEMEDPOSITIVE>Yes</ISDEEMEDPOSITIVE><AMOUNT>137795.0</AMOUNT></ALLLEDGERENTRIES.LIST></VOUCHER></TALLYMESSAGE><TALLYMESSAGE><VOUCHER VCHTYPE="Purchase" ACTION="Create"><DATE>09-12-2025</DATE><VOUCHERNUMBER>80</VOUCHERNUMBER><PARTYLEDGERNAME>ANUJ TRADERS</PARTYLEDGERNAME><ALLLEDGERENTRIES.LIST><LEDGERNAME>ANUJ TRADERS</LEDGERNAME><ISDEEMEDPOSITIVE>No</ISDEEMEDPOSITIVE><AMOUNT>49676.0</AMOUNT></ALLLEDGERENTRIES.LIST><ALLLEDGERENTRIES.LIST><LEDGERNAME>Purchase A/c</LEDGERNAME><ISDEEMEDPOSITIVE>Yes</ISDEEMEDPOSITIVE><AMOUNT>42098.0</AMOUNT></ALLLEDGERENTRIES.LIST></VOUCHER></TALLYMESSAGE><TALLYMESSAGE><VOUCHER VCHTYPE="Purchase" ACTION="Create"><DATE>12-Dec-25</DATE><VOUCHERNUMBER>82</VOUCHERNUMBER><PARTYLEDGERNAME>ANUJ TRADERS</PARTYLEDGERNAME><ALLLEDGERENTRIES.LIST><LEDGERNAME>ANUJ TRADERS</LEDGERNAME><ISDEEMEDPOSITIVE>No</ISDEEMEDPOSITIVE><AMOUNT>249888.0</AMOUNT></ALLLEDGERENTRIES.LIST><ALLLEDGERENTRIES.LIST><LEDGERNAME>Purchase A/c</LEDGERNAME><ISDEEMEDPOSITIVE>Yes</ISDEEMEDPOSITIVE><AMOUNT>211770.0</AMOUNT></ALLLEDGERENTRIES.LIST></VOUCHER></TALLYMESSAGE><TALLYMESSAGE><VOUCHER VCHTYPE="Purchase" ACTION="Create"><DATE>6-Dec-25</DATE><VOUCHERNUMBER>78</VOUCHERNUMBER><PARTYLEDGERNAME>ANUJ TRADERS</PARTYLEDGERNAME><ALLLEDGERENTRIES.LIST><LEDGERNAME>ANUJ TRADERS</LEDGERNAME><ISDEEMEDPOSITIVE>No</ISDEEMEDPOSITIVE><AMOUNT>88748.0</AMOUNT></ALLLEDGERENTRIES.LIST><ALLLEDGERENTRIES.LIST><LEDGERNAME>Purchase A/c</LEDGERNAME><ISDEEMEDPOSITIVE>Yes</ISDEEMEDPOSITIVE><AMOUNT>75210.0</AMOUNT></ALLLEDGERENTRIES.LIST></VOUCHER></TALLYMESSAGE><TALLYMESSAGE><VOUCHER VCHTYPE="Purchase" ACTION="Create"><DATE>2026-01-06</DATE><VOUCHERNUMBER>TEST001</VOUCHERNUMBER><PARTYLEDGERNAME>Reliance Petrol Pump</PARTYLEDGERNAME><ALLLEDGERENTRIES.LIST><LEDGERNAME>Reliance Petrol Pump</LEDGERNAME><ISDEEMEDPOSITIVE>No</ISDEEMEDPOSITIVE><AMOUNT>5000.0</AMOUNT></ALLLEDGERENTRIES.LIST><ALLLEDGERENTRIES.LIST><LEDGERNAME>Fuel &amp; Transport</LEDGERNAME><ISDEEMEDPOSITIVE>Yes</ISDEEMEDPOSITIVE><AMOUNT>None</AMOUNT></ALLLEDGERENTRIES.LIST></VOUCHER></TALLYMESSAGE><TALLYMESSAGE><VOUCHER VCHTYPE="Purchase" ACTION="Create"><DATE>2026-01-06</DATE><VOUCHERNUMBER>TEST002</VOUCHERNUMBER><PARTYLEDGERNAME>Dell Computers India</PARTYLEDGERNAME><ALLLEDGERENTRIES.LIST><LEDGERNAME>Dell Computers India</LEDGERNAME><ISDEEMEDPOSITIVE>No</ISDEEMEDPOSITIVE><AMOUNT>85000.0</AMOUNT></ALLLEDGERENTRIES.LIST><ALLLEDGERENTRIES.LIST><LEDGERNAME>Computer Equipment</LEDGERNAME><ISDEEMEDPOSITIVE>Yes</ISDEEMEDPOSITIVE><AMOUNT>None</AMOUNT></ALLLEDGERENTRIES.LIST></VOUCHER></TALLYMESSAGE><TALLYMESSAGE><VOUCHER VCHTYPE="Purchase" ACTION="Create"><DATE>2026-01-06</DATE><VOUCHERNUMBER>TEST003</VOUCHERNUMBER><PARTYLEDGERNAME>CA Sharma &amp; Associates</PARTYLEDGERNAME><ALLLEDGERENTRIES.LIST><LEDGERNAME>CA Sharma &amp; Associates</LEDGERNAME><ISDEEMEDPOSITIVE>No</ISDEEMEDPOSITIVE><AMOUNT>15000.0</AMOUNT></ALLLEDGERENTRIES.LIST><ALLLEDGERENTRIES.LIST><LEDGERNAME>Sundry Expenses</LEDGERNAME><ISDEEMEDPOSITIVE>Yes</ISDEEMEDPOSITIVE><AMOUNT>None</AMOUNT></ALLLEDGERENTRIES.LIST></VOUCHER></TALLYMESSAGE><TALLYMESSAGE><VOUCHER VCHTYPE="Purchase" ACTION="Create"><DATE>2026-01-06</DATE><VOUCHERNUMBER>AWS-JAN-001</VOUCHERNUMBER><PARTYLEDGERNAME>Amazon Web Services</PARTYLEDGERNAME><ALLLEDGERENTRIES.LIST><LEDGERNAME>Amazon Web Services</LEDGERNAME><ISDEEMEDPOSITIVE>No</ISDEEMEDPOSITIVE><AMOUNT>25000.0</AMOUNT></ALLLEDGERENTRIES.LIST><ALLLEDGERENTRIES.LIST><LEDGERNAME>Sundry Expenses</LEDGERNAME><ISDEEMEDPOSITIVE>Yes</ISDEEMEDPOSITIVE><AMOUNT>None</AMOUNT></ALLLEDGERENTRIES.LIST></VOUCHER></TALLYMESSAGE></REQUESTDATA></IMPORTDATA></BODY></ENVELOPE>